<?xml version='1.0' encoding='UTF-8'?>
<record xmlns="http://www.loc.gov/MARC21/slim">
  <leader>00853cam a2200205 a 4500</leader>
  <controlfield tag="001">2771131</controlfield>
  <controlfield tag="003">NjP</controlfield>
  <controlfield tag="005">20171013174113.0</controlfield>
  <controlfield tag="008">960814s1963    ir            000 0 ara c</controlfield>
  <datafield tag="024" ind1="7" ind2=" ">
    <subfield code="a">princeton_aco001901</subfield>
    <subfield code="2">local</subfield>
  </datafield>
  <datafield ind1=" " ind2=" " tag="035">
    <subfield code="a">(OCoLC)ocm35240819</subfield>
  </datafield>
  <datafield ind1=" " ind2=" " tag="035">
    <subfield code="9">CNG7998TS</subfield>
  </datafield>
  <datafield ind1=" " ind2=" " tag="040">
    <subfield code="a">CGU</subfield>
    <subfield code="c">CGU</subfield>
    <subfield code="d">PUL</subfield>
  </datafield>
  <datafield ind1="2" ind2=" " tag="100">
    <subfield code="a">Raz̤avī al-Kāshānī, Muḥammad Ḥusayn.</subfield>
  </datafield>
  <datafield ind1="1" ind2="0" tag="245">
    <subfield code="a">Uṣūl muʻtabarah /</subfield>
    <subfield code="c">min muṣanafāt Muḥammad al-Raḍawī al-Kāshānī ; nahaḍa bi-mashruʻih Shihāb al-Dīn al-Raḍawī.</subfield>
  </datafield>
  <datafield ind1=" " ind2=" " tag="250">
    <subfield code="a">al-Ṭabʻah 1.</subfield>
  </datafield>
  <datafield ind1=" " ind2=" " tag="260">
    <subfield code="a">Tihrān :</subfield>
    <subfield code="b">Maṭbaʻat Sharikat Ṭabʻ al-Kitāb,</subfield>
    <subfield code="c">1383 [i.e., 1383 1963]</subfield>
  </datafield>
  <datafield ind1=" " ind2=" " tag="300">
    <subfield code="a">320 p. ;</subfield>
    <subfield code="c">25 cm.</subfield>
  </datafield>
  <datafield ind1=" " ind2="0" tag="650">
    <subfield code="a">Islamic law</subfield>
    <subfield code="x">Interpretation and construction.</subfield>
    <subfield code="0">http://id.loc.gov/authorities/subjects/sh85068455</subfield>
  </datafield>
  <datafield ind1=" " ind2=" " tag="945">
    <subfield code="a">F</subfield>
    <subfield code="b">1</subfield>
    <subfield code="c">2274.187.392</subfield>
  </datafield>
  <datafield ind1=" " ind2=" " tag="911">
    <subfield code="a">20000130</subfield>
  </datafield>
  <datafield ind1="0" ind2="0" tag="852">
    <subfield code="0">3081978</subfield>
    <subfield code="b">nec</subfield>
    <subfield code="t">2</subfield>
    <subfield code="h">KBP461</subfield>
    <subfield code="i">.R393 1963</subfield>
  </datafield>
  <datafield ind1=" " ind2=" " tag="959">
    <subfield code="a">2009-05-04 09:33:15 -0500</subfield>
  </datafield>
</record>
